@comment{x-kbibtex-personnameformatting=<%l><, %f>}

@inproceedings{sbeiti2012performance,
	author = "Sbeiti, Mohamad and Pojda, Jakob and Wietfeld, Christian",
	booktitle = "{Personal Indoor and Mobile Radio Communications (PIMRC), 2012 IEEE 23rd International Symposium on}",
	organization = "IEEE",
	pages = "745--751",
	title = "{Performance evaluation of PASER---An efficient secure route discovery approach for wireless mesh networks}",
	year = "2012"
}

@inproceedings{kulla2012manet,
	author = "Kulla, Elis and Ikeda, Makoto and Barolli, Leonard and Younas, Muhammad and Uchida, Kazunori and Miho, Rozeta",
	booktitle = "{Emerging Intelligent Data and Web Technologies (EIDWT), 2012 Third International Conference on}",
	organization = "IEEE",
	pages = "54--60",
	title = "{A MANET Simulation System: A Case Study Considering Static Source and Destination Nodes and OLSR Protocol}",
	year = "2012"
}

@article{fitzek2013implementation,
	author = "Fitzek, Frank HP and Heide, Janus and Pedersen, Morten Videb{\ae}k and Katz, Marcos",
	journal = "Signal Processing Magazine, IEEE",
	number = "1",
	pages = "159--164",
	publisher = "IEEE",
	title = "{Implementation of network coding for social mobile clouds [applications corner]}",
	volume = "30",
	year = "2013"
}

@article{messeguer2012communication,
	author = "Messeguer, Roc and Medina, Esunly and Ochoa, Sergio F and Pino, Jos{\'e} A and Neyem, Andres and Navarro, Leandro and Royo, Dolors",
	journal = "International Journal of Information Technology \& Decision Making",
	number = "06",
	pages = "1035--1063",
	publisher = "World Scientific",
	title = "{Communication Support for Mobile Collaborative Work: An Experimental Study}",
	volume = "11",
	year = "2012"
}

@inproceedings{chung2012characterizing,
	author = "Chung, Joaquin and Gonz{\'a}lez, Grace and Armuelles, Ivan and Robles, Tom{\'a}s and Alcarria, Ramon and Morales, Augusto",
	booktitle = "{Wireless and Mobile Computing, Networking and Communications (WiMob), 2012 IEEE 8th International Conference on}",
	organization = "IEEE",
	pages = "628--635",
	title = "{Characterizing the multimedia service capacity of wireless mesh networks for rural communities}",
	year = "2012"
}

@inproceedings{quartulli2012improving,
	author = "Quartulli, Antonio and {Lo Cigno}, Renato",
	booktitle = "{Wireless and Mobile Computing, Networking and Communications (WiMob), 2012 IEEE 8th International Conference on}",
	organization = "IEEE",
	pages = "659--666",
	title = "{Improving mesh-agnostic client announcement in BATMAN-advanced}",
	year = "2012"
}

@inproceedings{hiyama2012performance,
  title={Performance Evaluation of a MANET Testbed in Heterogeneous Environment: Experimental Results},
  author={Hiyama, Masahiro and Kulla, Elis and Ikeda, Makoto and Barolli, Leonard},
  booktitle={Proceedings of the 2012 Seventh International Conference on Broadband, Wireless Computing, Communication and Applications},
  pages={60--65},
  year={2012},
  organization={IEEE Computer Society}
}

@inproceedings{gamess2012analyzing,
  title={Analyzing routing protocol performance versus bitrate in vehicular networks},
  author={Gamess, Eric and Acosta, L and Hernandez, D},
  booktitle={Global Information Infrastructure and Networking Symposium (GIIS), 2012},
  pages={1--4},
  year={2012},
  organization={IEEE}
}



@inproceedings{balaji2013uospr,
  title={UOSPR: UnObservable secure proactive routing protocol for fast and secure transmission using BATMAN},
  author={Balaji, S and Prabha, MM},
  booktitle={Green High Performance Computing (ICGHPC), 2013 IEEE International Conference on},
  pages={1--4},
  year={2013},
  organization={IEEE}
}

@inproceedings{hiyama2013investigation,
  title={Investigation of OLSR Behavior for Different Hello Packets Intervals in a MANET Testbed},
  author={Hiyama, Masahiro and Kulla, Elis and Ikeda, Makoto and Barolli, Leonard and Takizawa, Makoto},
  booktitle={Advanced Information Networking and Applications (AINA), 2013 IEEE 27th International Conference on},
  pages={183--188},
  year={2013},
  organization={IEEE}
}

@article{morais2014distributed,
  title={A distributed and collaborative intrusion detection architecture for wireless mesh networks},
  author={Morais, Anderson and Cavalli, Ana},
  journal={Mobile Networks and Applications},
  volume={19},
  number={1},
  pages={101--120},
  year={2014},
  publisher={Springer}
}

@article{municio2013evaluacion,
  title={Evaluaci{\'o}n de protocolos de encaminamiento en una red inal{\'a}mbrica mallada desplegada en una zona rural},
  author={Municio Hern{\'a}ndez, Esteban and Quispe, Marco and Paucar, Ronald and Chuch{\'o}n, Mariano and D{\'\i}az, Daniel},
  journal={mquispe@ inictel-uni. edu. pe},
  pages={1--3},
  year={2013},
  publisher={Telecomunicacion}
}

@inproceedings{kulla2013evaluation,
  title={Evaluation of a MANET Testbed for Central Bridge and V-Shape Bridge Scenarios Using BATMAN Routing Protocol},
  author={Kulla, Elis and Sakamoto, Shinji and Ikeda, Makoto and Barolli, Leonard and Xhafa, Fatos and Kamo, Bexhet},
  booktitle={Broadband and Wireless Computing, Communication and Applications (BWCCA), 2013 Eighth International Conference on},
  pages={199--205},
  year={2013},
  organization={IEEE}
}

@incollection{sbeiti2014agony,
  title={The Agony of Choice: Behaviour Analysis of Routing Protocols in Chain Mesh Networks},
  author={Sbeiti, Mohamad and Wietfeld, Christian},
  booktitle={Ad Hoc Networks},
  pages={65--81},
  year={2014},
  publisher={Springer}
}

@inproceedings{adeyeye2013routing,
  title={Routing Cost and Latency in the VillageTelco Wireless Mesh Network},
  author={Adeyeye, Michael and Van Gelder, Antoine and Ojo, Sunday},
  booktitle={Proceedings of International Conference on Information Integration and Web-based Applications \& Services},
  pages={710},
  year={2013},
  organization={ACM}
}

@inproceedings{nong2014aggregating,
  title={Aggregating Internet access in a mesh-backhauled network through MPTCP proxying},
  author={Nong, Thanh-Hieu and Wong, Ricky and Almuhtadi, Wahab and Melzer, Jordan},
  booktitle={Computing, Networking and Communications (ICNC), 2014 International Conference on},
  pages={736--742},
  year={2014},
  organization={IEEE}
}

@article{decristofaro2014heterogeneous,
  title={Heterogeneous Wireless Mesh Network Technology Evaluation for Space Proximity and Surface Applications},
  author={DeCristofaro, M and Lansdowne, Chatwin A and Schlesinger, Adam M},
  journal={DOI},
  volume={10},
  pages={6--2014},
  year={2014}
}

@article{sanchez2014performance,
  title={Performance Evaluation of BATMAN Routing Protocol for VoIP services: a QoE perspective},
  author={Sanchez Iborra, Ramon and Cano, M and Garcia-Haro, Joan},
  year={2014},
  publisher={IEEE}
}

@inproceedings{pigatto2014hamster,
  title={HAMSTER-Healthy, mobility and security-based data communication architecture for Unmanned Aircraft Systems},
  author={Pigatto, Daniel Fernando and Goncalves, Leandro and Pinto, Alex Sandro Roschildt and Roberto, Guilherme Freire and Rodrigues Filho, Fernando and Branco, Kalinka Regina Lucas Jaquie Castelo and others},
  booktitle={Unmanned Aircraft Systems (ICUAS), 2014 International Conference on},
  pages={52--63},
  year={2014},
  organization={IEEE}
}

@article{nguyen2014unmanned,
  title={Unmanned Ground Vehicle Communications Relays},
  author={Nguyen, Hoa and Pezeshkian, Narek and Burmeister, Aaron and Hart, Abraham and Pacific, SSC},
  year={2014}
}

@inproceedings{sanchez2014qoe,
  title={Qoe-based performance evaluation of video transmission using the BATMAN routing protocol},
  author={Sanchez-Iborra, Ramon and Cano, Maria-Dolores},
  booktitle={Proceedings of the 10th ACM symposium on QoS and security for wireless and mobile networks},
  pages={9--16},
  year={2014},
  organization={ACM}
}

@inproceedings{sbeiti2014one,
  title={One stone two birds: On the security and routing in Wireless Mesh Networks},
  author={Sbeiti, Mohamad and Wietfeld, Christian},
  booktitle={Wireless Communications and Networking Conference (WCNC), 2014 IEEE},
  pages={2486--2491},
  year={2014},
  organization={IEEE}
}

@inproceedings{ajayi2014survey,
  title={A survey of rural Wireless Mesh Network (WMN) deployments},
  author={Ajayi, Ayomide and Roedig, Utz and Edwards, Christopher and Race, Nicholas},
  booktitle={Wireless and Mobile, 2014 IEEE Asia Pacific Conference on},
  pages={119--125},
  year={2014},
  organization={IEEE}
}
